% This file was created with JabRef 2.8.1.
% Encoding: Cp1252

@INPROCEEDINGS{Devillers2001,
  author = {Devillers, O. and Pion, S. and Teillaud, M.},
  title = {Walking in a triangulation},
  booktitle = {Proceedings of the seventeenth annual symposium on Computational
	geometry},
  year = {2001},
  pages = {106--114},
  organization = {ACM}
}

@ARTICLE{Gouaillard2006,
  author = {Gouaillard, A. and Florez-Valencia, L. and Boix, E.},
  title = {ItkQuadEdgeMesh: A Discrete Orientable 2-Manifold Data Structure
	for Image Processing},
  journal = {Insight Journal},
  year = {2006},
  month = {Sep},
  howpublished = {\url{http://hdl.handle.net/1926/306}}
}

@BOOK{Hoffmann1989,
  title = {Geometric and solid modeling: an introduction},
  publisher = {Morgan Kaufmann Publishers Inc.},
  year = {1989},
  author = {Hoffmann, Christoph M.},
  address = {San Francisco, CA, USA},
  isbn = {1-55860-067-1}
}

@ARTICLE{Kettner1999,
    author = {Lutz Kettner},
    title = {Using Generic Programming for Designing a Data Structure for Polyhedral Surfaces},
    journal = {Comput. Geom. Theory Appl},
    year = {1999},
    volume = {13},
    pages = {65--90}
}

@INPROCEEDINGS{Delingette1994, 
author={Delingette, H.}, 
booktitle={Computer Vision and Pattern Recognition, 1994. Proceedings CVPR '94., 1994 IEEE Computer Society Conference on}, title={Simplex meshes: a general representation for 3D shape reconstruction}, 
year={1994}, 
month={jun}, 
volume={}, 
number={}, 
pages={856 -859}, 
keywords={ 3D shape reconstruction; Simplex meshes; adaptive structures; elastic behavior; local stabilizing functionals; mean curvature; mesh resolution; partially occluded smooth objects; refinement process; triangulations; computational geometry; image reconstruction;}, 
doi={10.1109/CVPR.1994.323913}, 
ISSN={1063-6919}
}
@INPROCEEDINGS{Delingette1999, 
author = {Delingette, Herv{\'e}},
 title = {General Object Reconstruction Based on Simplex Meshes},
 journal = {Int. J. Comput. Vision},
 issue_date = {Aug. 1999},
 volume = {32},
 number = {2},
 month = aug,
 year = {1999},
 issn = {0920-5691},
 pages = {111--146},
 numpages = {36},
 url = {http://dx.doi.org/10.1023/A:1008157432188},
 doi = {10.1023/A:1008157432188},
 acmid = {331289},
 publisher = {Kluwer Academic Publishers},
 address = {Hingham, MA, USA},
 keywords = {3D reconstruction, deformable models, image segmentation, medical imaging, range images},
} 

@ARTICLE{Moreau2011,
  author = {Moreau, B. and Gouaillard, A.},
  title = {Exact Geometrical Predicate: Point in circle},
  journal = {Insight Journal},
  year = {2011},
  month = {Nov},
  howpublished = {\url{http://hdl.handle.net/10380/3329}}
}

@ARTICLE{Shewchuk1997a,
  author = {Jonathan Richard Shewchuk},
  title = {Adaptive {P}recision {F}loating-{P}oint {A}rithmetic and {F}ast {R}obust
	{G}eometric {P}redicates},
  journal = {Discrete \& Computational Geometry},
  year = {1997},
  volume = {18},
  pages = {305--363},
  number = {3},
  month = {Oct}
}

